@Online{wiki:2016,
	author = {{Wikipedia}},
	title = {{Bestimmtheitsmaß}},
	url = {https://de.wikipedia.org/wiki/Bestimmtheitsma%C3%9F},
	year = {2016}
}

@Online{quaternion,
	author = {{P. Hofmann}},
	title = {{Freie Rotation im Raum: Quaternionen und Matrizen}},
	url = {https://www.uninformativ.de/bin/SpaceSim-2401fee.pdf},
	year = {2009}
}

@manual{irc5,
	address = {ABB, SE-721 68 Västerås Schweden},
	title = {Produktspezifikation: Steuerung IRC5 mit FlexPendant},
	year = {2004},
}

@manual{rapid1,
	address = {ABB, SE-721 68 Västerås Schweden},
	title = {Bedienanleitung: Einführung in RAPID},
	year = {2007},
}

@manual{rapid2,
	address = {ABB, SE-721 68 Västerås Schweden},
	title = {Technisches Referenzhandbuch: RAPID Instruktionen, Funktionen und Datentypen},
	year = {2010},
}